<?xml version="1.0" encoding="UTF-8"?><collection xmlns="http://www.loc.gov/MARC21/slim"><record><leader>00333nam--2200121-i-4500</leader><controlfield tag="001">000038235</controlfield><controlfield tag="002">20161230</controlfield><controlfield tag="005">20161230201041</controlfield><controlfield tag="008">060222s1000------------r-----000-0-eng-d</controlfield><datafield ind1=" " ind2=" " tag="100"><subfield code="a">Reine, Philippe</subfield></datafield><datafield ind1=" " ind2=" " tag="245"><subfield code="a">Le probleme atomique. t.1: bombes et utilisations pacifiques</subfield></datafield><datafield ind1=" " ind2=" " tag="260"><subfield code="a">Paris, Ed.Berger-levrault, 1956-1960</subfield></datafield><datafield ind1=" " ind2=" " tag="852"><subfield code="a">12809</subfield></datafield></record></collection>